% You can generate BibTeX-style bibliography entries from e.g Google Scholar (Cite -> BibTeX)

@manual{EFM32GGManual,
  title={EFM32GG Reference Manual},
  organization={Silicon Labs},
  month={10},
  year={2013}
}

@manual{DK3750Manual,
  title={User manual - Development Kit EFM32GG-DK3750},
  organization={Silicon Labs},
  month={10},
  year={2013}
}

@manual{CortexM3Manual,
  title={Cortex-M3 Reference Manual},
  organization={Energy Micro},
  month={02},
  year={2011}
}

@manual{TDT4528Compendium,
	title={Lab Excercise in TDT4258 Low-Level Programming},
	organization={NTNU},
	month={08},
	year={2015}
}

@book{ldd,
	 author = {Corbet, Jonathan and Rubini, Alessandro and Kroah-Hartman, Greg},
	  title = {Linux Device Drivers, 3rd Edition},
	   year = {2005},
	    isbn = {0596005903},
		 publisher = {O'Reilly Media, Inc.},
}

@misc{posix,
	title={http://pubs.opengroup.org/onlinepubs/9699919799/},
	howublished={\url{http://pubs.opengroup.org/onlinepubs/9699919799/}},
	note={Accessed: 16.11.2015}
}

@misc{busy,
	title={http://www.busybox.net/},
	howublished={\url{http://www.busybox.net/}},
	note={Accessed: 16.11.2015}
}

@misc{ulibc,
	title={http://www.uclibc.org/about.html},
	howublished={\url{http://www.uclibc.org/about.html}},
	note={Accessed: 16.11.2015}
}

@misc{ulinux,
	title={http://www.uclinux.org/},
	howublished={\url{http://www.uclinux.org/}},
	note={Accessed: 16.11.2015}
}
