% You can generate BibTeX-style bibliography entries from e.g Google Scholar (Cite -> BibTeX)

@manual{EFM32GGManual,
  title={EFM32GG Reference Manual},
  organization={Silicon Labs},
  month={10},
  year={2013}
}

@manual{DK3750Manual,
  title={User manual - Development Kit EFM32GG-DK3750},
  organization={Silicon Labs},
  month={10},
  year={2013}
}

@manual{CortexM3Manual,
  title={Cortex-M3 Reference Manual},
  organization={Energy Micro},
  month={02},
  year={2011}
}

@manual{TDT4528Compendium,
	title={Lab Excersis in TDT4258 Low-Level Programming},
	organization={NTNU},
	month={08},
	year={2015}
}

@manual{ARMArchitecture,
	title={Procedure Call Standard for the ARM Architecture},
	organization={ARM Limited},
	month={11},
	year={2012}
}

@misc{SoX,
	title={Sound eXchange},
	howpublished={\url{http://sox.sourceforge.net/}},
	note={Accessed: 19.10.2015}
}